@incollection{Lenton2018TippingGeo,
author = {Lenton, Timothy},
title = {{Can emergency geoengineering really prevent climate tipping points?}},
year = {2018},
editor = {Blackstock, Jason J and Low, Sean},
chapter = {6},
booktitle={Geoengineering Our Climate?: Ethics, Politics, and Governance},
publisher={Routledge}
}

@misc{lenton2019climate,
  title={Climate tipping points—too risky to bet against},
  author={Lenton, Timothy M and Rockstr{\"o}m, Johan and Gaffney, Owen and Rahmstorf, Stefan and Richardson, Katherine and Steffen, Will and Schellnhuber, Hans Joachim},
  year={2019},
  publisher={Nature Publishing Group}
}

@article{huntingford2020cmip6,
  title={CMIP6 climate models imply high committed warming},
  author={Huntingford, Chris and Williamson, Mark S and Nijsse, Femke JMM},
  journal={Climatic Change},
  volume={162},
  number={3},
  pages={1515--1520},
  year={2020},
  publisher={Springer}
}

@book{UNEmissionsReport2020,
title = {Emissions Gap Report 2020},
editor = {Olhoff, Anne and Christensen, {John M.}},
year = {2020},
publisher = {United Nations Environment Programme},
url = {{https://www.unep.org/emissions-gap-report-2020}}
}

@book{AusAcademy2021,
title = {The risks to Australia of a 3°C warmer world},
year = {2021},
author = {{Australian Academy of Science}},
url = {{https://www.science.org.au/supporting-science/science-policy-and-analysis/reports-and-publications/risks-australia-three-degrees-c-warmer-world}}
}

@article{steffen2018trajectories,
  title={Trajectories of the Earth System in the Anthropocene},
  author={Steffen, Will and Rockstr{\"o}m, Johan and Richardson, Katherine and Lenton, Timothy M and Folke, Carl and Liverman, Diana and Summerhayes, Colin P and Barnosky, Anthony D and Cornell, Sarah E and Crucifix, Michel and others},
  journal={Proceedings of the National Academy of Sciences},
  volume={115},
  number={33},
  pages={8252--8259},
  year={2018},
  publisher={National Academy of Sciences}
}

@book{intergovernmental2018global,
  title={Global warming of 1.5° C: an IPCC special report on the impacts of global warming of 1.5° C},
  author={IPCC},
  year={2018},
  publisher={Intergovernmental Panel on Climate Change}
}

@article{buck2016rapid,
  title={Rapid scale-up of negative emissions technologies: social barriers and social implications},
  author={Buck, Holly Jean},
  journal={Climatic Change},
  volume={139},
  number={2},
  pages={155--167},
  year={2016},
  publisher={Springer}
}

@article{fuss2018negative,
  title={Negative emissions—Part 2: Costs, potentials and side effects},
  author={Fuss, Sabine and Lamb, William F and Callaghan, Max W and Hilaire, J{\'e}r{\^o}me and Creutzig, Felix and Amann, Thorben and Beringer, Tim and de Oliveira Garcia, Wagner and Hartmann, Jens and Khanna, Tarun and others},
  journal={Environmental Research Letters},
  volume={13},
  number={6},
  pages={063002},
  year={2018},
  publisher={IOP Publishing}
}

@article{fuhrman2020food,
  title={Food--energy--water implications of negative emissions technologies in a+ 1.5 C future},
  author={Fuhrman, Jay and McJeon, Haewon and Patel, Pralit and Doney, Scott C and Shobe, William M and Clarens, Andres F},
  journal={Nature Climate Change},
  volume={10},
  number={10},
  pages={920--927},
  year={2020},
  publisher={Nature Publishing Group}
}

@article{moreno2013climate,
  title={Climate policy under uncertainty: a case for solar geoengineering},
  author={Moreno-Cruz, Juan B and Keith, David W},
  journal={Climatic Change},
  volume={121},
  number={3},
  pages={431--444},
  year={2013},
  publisher={Springer}
}

@article{keith2016solar,
  title={Solar geoengineering could substantially reduce climate risks—A research hypothesis for the next decade},
  author={Keith, David W and Irvine, Peter J},
  journal={Earth's Future},
  volume={4},
  number={11},
  pages={549--559},
  year={2016},
  publisher={Wiley Online Library}
}

@article{halstead2018stratospheric,
  title={Stratospheric aerosol injection research and existential risk},
  author={Halstead, John},
  journal={Futures},
  volume={102},
  pages={63--77},
  year={2018},
  publisher={Elsevier}
}

@article{irvine2016overview,
  title={An overview of the Earth system science of solar geoengineering},
  author={Irvine, Peter J and Kravitz, Ben and Lawrence, Mark G and Muri, Helene},
  journal={Wiley Interdisciplinary Reviews: Climate Change},
  volume={7},
  number={6},
  pages={815--833},
  year={2016},
  publisher={Wiley Online Library}
}

@article{latham2012marine,
  title={Marine cloud brightening},
  author={Latham, John and Bower, Keith and Choularton, Tom and Coe, Hugh and Connolly, Paul and Cooper, Gary and Craft, Tim and Foster, Jack and Gadian, Alan and Galbraith, Lee and others},
  journal={Philosophical Transactions of the Royal Society A: Mathematical, Physical and Engineering Sciences},
  volume={370},
  number={1974},
  pages={4217--4262},
  year={2012},
  publisher={The Royal Society Publishing}
}

@article{muri2014climatic,
  title={The climatic effects of modifying cirrus clouds in a climate engineering framework},
  author={Muri, Helene and Kristj{\'a}nsson, Jon Egill and Storelvmo, Trude and Pfeffer, Melissa Anne},
  journal={Journal of Geophysical Research: Atmospheres},
  volume={119},
  number={7},
  pages={4174--4191},
  year={2014},
  publisher={Wiley Online Library}
}

@article{crutzen2006albedo,
  title={Albedo enhancement by stratospheric sulfur injections: A contribution to resolve a policy dilemma?},
  author={Crutzen, Paul J},
  journal={Climatic change},
  volume={77},
  number={3-4},
  pages={211},
  year={2006},
  publisher={Springer Science \& Business Media}
}

@book{budyko1977climatic,
  title={Climatic changes},
  author={Budyko, Mikhail Ivanovich},
  year={1977},
  publisher={American Geophysical Union}
}

@book{NAP2021,
  author    = {{National Academies of Sciences, Engineering, and Medicine}},
  title     = {Reflecting Sunlight: Recommendations for Solar Geoengineering Research and Research Governance},
  isbn      = {978-0-309-67605-2},
  doi       = {10.17226/25762},
  year      = {2021},
  publisher = {The National Academies Press},
  address   = {Washington, DC}
}

@article{reynolds2021solar,
  title={Is solar geoengineering ungovernable? A critical assessment of governance challenges identified by the Intergovernmental Panel on Climate Change},
  author={Reynolds, Jesse L},
  journal={Wiley Interdisciplinary Reviews: Climate Change},
  volume={12},
  number={2},
  pages={e690},
  year={2021},
  publisher={Wiley Online Library}
}

@misc{funds2018,
author={Necheles, Ella and Burns, Lizzie and Chang, Amy and Keith, David},
title={Funding for Solar Geoengineering from 2008 to 2018},
year={2018},
url={{https://geoengineering.environment.harvard.edu/blog/funding-solar-geoengineering}}
}

@article{kravitz2011geoengineering,
  title={The geoengineering model intercomparison project (GeoMIP)},
  author={Kravitz, Ben and Robock, Alan and Boucher, Olivier and Schmidt, Hauke and Taylor, Karl E and Stenchikov, Georgiy and Schulz, Michael},
  journal={Atmospheric Science Letters},
  volume={12},
  number={2},
  pages={162--167},
  year={2011},
  publisher={Wiley Online Library}
}

@article{kravitz2013climate,
  title={Climate model response from the geoengineering model intercomparison project (GeoMIP)},
  author={Kravitz, Ben and Caldeira, Ken and Boucher, Olivier and Robock, Alan and Rasch, Philip J and Alterskj{\ae}r, Kari and Karam, Diana Bou and Cole, Jason NS and Curry, Charles L and Haywood, James M and others},
  journal={Journal of Geophysical Research: Atmospheres},
  volume={118},
  number={15},
  pages={8320--8332},
  year={2013},
  publisher={Wiley Online Library}
}

@article{yu2015impacts,
  title={Impacts, effectiveness and regional inequalities of the GeoMIP G1 to G4 solar radiation management scenarios},
  author={Yu, Xiaoyong and Moore, John C and Cui, Xuefeng and Rinke, Annette and Ji, Duoying and Kravitz, Ben and Yoon, Jin-Ho},
  journal={Global and Planetary Change},
  volume={129},
  pages={10--22},
  year={2015},
  publisher={Elsevier}
}

@article{kravitz2020uncertainty,
  title={Uncertainty and the basis for confidence in solar geoengineering research},
  author={Kravitz, Ben and MacMartin, Douglas G},
  journal={Nature Reviews Earth \& Environment},
  volume={1},
  number={1},
  pages={64--75},
  year={2020},
  publisher={Nature Publishing Group}
}

@article{cairns2016climates,
  title={Climates of suspicion:‘chemtrail’conspiracy narratives and the international politics of geoengineering},
  author={Cairns, Rose},
  journal={The Geographical Journal},
  volume={182},
  number={1},
  pages={70--84},
  year={2016},
  publisher={Wiley Online Library}
}

@book{buck2019after,
  title={After geoengineering: climate tragedy, repair, and restoration},
  author={Buck, Holly Jean},
  year={2019},
  publisher={Verso Trade}
}

@article{reynolds2016five,
  title={Five solar geoengineering tropes that have outstayed their welcome},
  author={Reynolds, Jesse L and Parker, Andy and Irvine, Peter},
  journal={Earth's Future},
  volume={4},
  number={12},
  pages={562--568},
  year={2016},
  publisher={Wiley Online Library}
}

@article{robock200820,
  title={20 reasons why geoengineering may be a bad idea},
  author={Robock, Alan},
  journal={Bulletin of the Atomic Scientists},
  volume={64},
  number={2},
  pages={14--18},
  year={2008},
  publisher={SAGE Publications Sage UK: London, England}
}

@misc{egArticleAcid,
title={'It is the question of the century': will tech solve the climate crisis --- or make it worse?},
author={Watts, Jonathan},
publisher={The Guardian},
url={{https://www.theguardian.com/books/2021/mar/06/it-is-the-question-of-the-century-will-tech-solve-the-climate-crisis-or-make-it-worse}},
year={2021}
}

@book{carnap2012introduction,
  title={An introduction to the philosophy of science},
  author={Carnap, Rudolf},
  year={2012},
  publisher={Courier Corporation}
}

@article{tannert2007ethics,
  title={The ethics of uncertainty: In the light of possible dangers, research becomes a moral duty},
  author={Tannert, Christof and Elvers, Horst-Dietrich and Jandrig, Burkhard},
  journal={EMBO reports},
  volume={8},
  number={10},
  pages={892--896},
  year={2007},
  publisher={John Wiley \& Sons, Ltd Chichester, UK}
}

@article{vezer2016computer,
  title={Computer models and the evidence of anthropogenic climate change: An epistemology of variety-of-evidence inferences and robustness analysis},
  author={Vez{\'e}r, Martin A},
  journal={Studies in History and Philosophy of Science Part A},
  volume={56},
  pages={95--102},
  year={2016},
  publisher={Elsevier}
}

@phdthesis{morrison2021models,
  title={The Models Are Alright: A Socio-Epistemic Theory of the Landscape of Climate Model Development},
  author={Morrison, Monica Ainhorn},
  year={2021},
  school={Indiana University}
}

@book{marchau2019decision,
  title={Decision making under deep uncertainty: from theory to practice},
  author={Marchau, Vincent AWJ and Walker, Warren E and Bloemen, Pieter JTM and Popper, Steven W},
  year={2019},
  publisher={Springer Nature}
}

@book{Kolbert2021,
author={Kolbert, Elizabeth},
title={Under a White Sky, The Nature of the Future},
publisher={Random House},
year={2021}
}

@article{pierrehumbert2019there,
  title={There is no Plan B for dealing with the climate crisis},
  author={Pierrehumbert, Raymond},
  journal={Bulletin of the Atomic Scientists},
  volume={75},
  number={5},
  pages={215--221},
  year={2019},
  publisher={Taylor \& Francis}
}
@article{church2016doxastic,
  title={The doxastic account of intellectual humility},
  author={Church, Ian M},
  journal={Logos \& Episteme},
  volume={7},
  number={4},
  pages={413--433},
  year={2016}
}
@article{hazlett2012higher,
  title={Higher-order epistemic attitudes and intellectual humility},
  author={Hazlett, Allan},
  journal={Episteme},
  volume={9},
  number={3},
  pages={205--223},
  year={2012},
  publisher={Cambridge University Press}
}

@article{helgeson2020structuring,
  title={Structuring decisions under deep uncertainty},
  author={Helgeson, Casey},
  journal={Topoi},
  volume={39},
  number={2},
  pages={257--269},
  year={2020},
  publisher={Springer}
}
@techreport{hill2016climate,
  title={Climate Change Assessments: Confidence, Probability and Decision},
  author={Hill, Brian and Bradley, Richard and Helgeson, Casey and others},
  year={2016},
  institution={HEC Paris}
}

@incollection{hamilton2014ethical,
  title={Ethical anxieties about geoengineering},
  author={Hamilton, Clive},
  booktitle={Ethics and emerging technologies},
  pages={439--455},
  year={2014},
  publisher={Springer}
}
@book{hamilton2013earthmasters,
  title={Earthmasters},
  author={Hamilton, Clive},
  year={2013},
  publisher={Allen \& Unwin}
}
@article{meyer2015geoengineering,
  title={Geoengineering and the Accusation of Hubris},
  author={Meyer, Kirsten and Uhle, Christian},
  year={2015},
  publisher={Humboldt-Universit{\"a}t zu Berlin, IRI THESys}
}

@article{neuber2020buying,
  title={The buying time argument within the solar radiation management discourse},
  author={Neuber, Frederike and Ott, Konrad},
  journal={Applied Sciences},
  volume={10},
  number={13},
  pages={4637},
  year={2020},
  publisher={Multidisciplinary Digital Publishing Institute}
}
@article{hamilton2010ethical,
  title={Ethical anxieties about geoengineering: moral hazard, slippery slope and playing God},
  author={Hamilton, Clive},
  journal={Technology},
  year={2010}
}
@article{visioni2020goes,
  title={What goes up must come down: impacts of deposition in a sulfate geoengineering scenario},
  author={Visioni, Daniele and Slessarev, Eric and MacMartin, Douglas G and Mahowald, Natalie M and Goodale, Christine L and Xia, Lili},
  journal={Environmental Research Letters},
  volume={15},
  number={9},
  pages={094063},
  year={2020},
  publisher={IOP Publishing}
}

@article{kravitz2012colour,
  title={Geoengineering: whiter skies?},
  author={Kravitz, Ben and MacMartin, Douglas G and Caldeira, Ken},
  journal={Geophysical research letters},
  volume={39},
  number={11},
  year={2012},
  publisher={Wiley Online Library}
}

@article{parker2018risk,
  title={The risk of termination shock from solar geoengineering},
  author={Parker, Andy and Irvine, Peter J},
  journal={Earth's Future},
  volume={6},
  number={3},
  pages={456--467},
  year={2018},
  publisher={Wiley Online Library}
}

@article{irvine2019halving,
  title={Halving warming with idealized solar geoengineering moderates key climate hazards},
  author={Irvine, Peter and Emanuel, Kerry and He, Jie and Horowitz, Larry W and Vecchi, Gabriel and Keith, David},
  journal={Nature Climate Change},
  volume={9},
  number={4},
  pages={295--299},
  year={2019},
  publisher={Nature Publishing Group}
}

@article{irvine2020halving,
  title={Halving warming with stratospheric aerosol geoengineering moderates policy-relevant climate hazards},
  author={Irvine, Peter J and Keith, David W},
  journal={Environmental Research Letters},
  volume={15},
  number={4},
  pages={044011},
  year={2020},
  publisher={IOP Publishing}
}

@article{eastham2018quantifying,
  title={Quantifying the impact of sulfate geoengineering on mortality from air quality and UV-B exposure},
  author={Eastham, Sebastian D and Weisenstein, Debra K and Keith, David W and Barrett, Steven RH},
  journal={Atmospheric environment},
  volume={187},
  pages={424--434},
  year={2018},
  publisher={Elsevier}
}

@article{Zarnetske2021,
	author = {Zarnetske, Phoebe L. and Gurevitch, Jessica and Franklin, Janet and Groffman, Peter M. and Harrison, Cheryl S. and Hellmann, Jessica J. and Hoffman, Forrest M. and Kothari, Shan and Robock, Alan and Tilmes, Simone and Visioni, Daniele and Wu, Jin and Xia, Lili and Yang, Cheng-En},
	title = {Potential ecological impacts of climate intervention by reflecting sunlight to cool Earth},
	volume = {118},
	number = {15},
	elocation-id = {e1921854118},
	year = {2021},
	doi = {10.1073/pnas.1921854118},
	publisher = {National Academy of Sciences},
	issn = {0027-8424},
	URL = {https://www.pnas.org/content/118/15/e1921854118},
	eprint = {https://www.pnas.org/content/118/15/e1921854118.full.pdf},
	journal = {Proceedings of the National Academy of Sciences}
}

@article{kravitz2014multi,
  title={A multi-model assessment of regional climate disparities caused by solar geoengineering},
  author={Kravitz, Ben and MacMartin, Douglas G and Robock, Alan and Rasch, Philip J and Ricke, Katharine L and Cole, Jason NS and Curry, Charles L and Irvine, Peter J and Ji, Duoying and Keith, David W and others},
  journal={Environmental Research Letters},
  volume={9},
  number={7},
  pages={074013},
  year={2014},
  publisher={IOP Publishing}
}

@article{jones2018regional,
  title={Regional climate impacts of stabilizing global warming at 1.5 K using solar geoengineering},
  author={Jones, Anthony C and Hawcroft, Matthew K and Haywood, James M and Jones, Andy and Guo, Xiaoran and Moore, John C},
  journal={Earth's Future},
  volume={6},
  number={2},
  pages={230--251},
  year={2018},
  publisher={Wiley Online Library}
}

@article{reynolds2019solar,
  title={Solar geoengineering to reduce climate change: a review of governance proposals},
  author={Reynolds, Jesse L},
  journal={Proceedings of the Royal Society A},
  volume={475},
  number={2229},
  pages={20190255},
  year={2019},
  publisher={The Royal Society Publishing}
}

@article{bodansky2013and,
  title={The who, what, and wherefore of geoengineering governance},
  author={Bodansky, Daniel},
  journal={Climatic Change},
  volume={121},
  number={3},
  pages={539--551},
  year={2013},
  publisher={Springer}
}
@article{barrett2014solar,
  title={Solar Geoengineering’s Brave New World: Thoughts on the Governance of an Unprecedented Technology},
  author={Barrett, Scott},
  journal={Review of Environmental Economics and Policy},
  volume={8},
  number={2},
  pages={249--269},
  year={2014},
  publisher={Association of Environmental and Resource Economists}
}

@article{herzog2016moratoria,
  title={Moratoria for global governance and contested technology: The case of climate engineering},
  author={Herzog, Megan and Parson, Edward Ted A},
  journal={UCLA School of Law, Public Law Research Paper Series},
  year={2016}
}

@article{markusson2014case,
  title={‘In case of emergency press here’: framing geoengineering as a response to dangerous climate change},
  author={Markusson, Nils and Ginn, Franklin and Singh Ghaleigh, Navraj and Scott, Vivian},
  journal={Wiley Interdisciplinary Reviews: Climate Change},
  volume={5},
  number={2},
  pages={281--290},
  year={2014},
  publisher={Wiley Online Library}
}

@article{horton2015emergency,
  title={The emergency framing of solar geoengineering: Time for a different approach},
  author={Horton, Joshua B},
  journal={The anthropocene review},
  volume={2},
  number={2},
  pages={147--151},
  year={2015},
  publisher={SAGE Publications Sage UK: London, England}
}

@article{sillmann2015climate,
  title={Climate emergencies do not justify engineering the climate},
  author={Sillmann, Jana and Lenton, Timothy M and Levermann, Anders and Ott, Konrad and Hulme, Mike and Benduhn, Fran{\c{c}}ois and Horton, Joshua B},
  journal={Nature Climate Change},
  volume={5},
  number={4},
  pages={290--292},
  year={2015},
  publisher={Nature Publishing Group}
}

@unpublished{Corbett2021,
author={Corbett, Charles},
title={The Climate Emergency and Solar Geoengineering},
year={2021},
note={manuscript provided through personal communication}
}

@article{macmartin2018solar,
  title={Solar geoengineering as part of an overall strategy for meeting the 1.5 C Paris target},
  author={MacMartin, Douglas G and Ricke, Katharine L and Keith, David W},
  journal={Philosophical Transactions of the Royal Society A: Mathematical, Physical and Engineering Sciences},
  volume={376},
  number={2119},
  pages={20160454},
  year={2018},
  publisher={The Royal Society Publishing}
}
@article{weyant2017some,
  title={Some contributions of integrated assessment models of global climate change},
  author={Weyant, John},
  journal={Review of Environmental Economics and Policy},
  volume={11},
  number={1},
  pages={115--137},
  year={2017},
  publisher={Oxford University Press}
}
@article{kriegler2012need,
  title={The need for and use of socio-economic scenarios for climate change analysis: a new approach based on shared socio-economic pathways},
  author={Kriegler, Elmar and O’Neill, Brian C and Hallegatte, Stephane and Kram, Tom and Lempert, Robert J and Moss, Richard H and Wilbanks, Thomas},
  journal={Global Environmental Change},
  volume={22},
  number={4},
  pages={807--822},
  year={2012},
  publisher={Elsevier}
}
@article{heutel2016climate,
  title={Climate engineering economics},
  author={Heutel, Garth and Moreno-Cruz, Juan and Ricke, Katharine},
  journal={Annual Review of Resource Economics},
  volume={8},
  pages={99--118},
  year={2016},
  publisher={Annual Reviews}
}

@article{lane2009solar,
  title={Solar radiation management and rethinking the goals of COP-15},
  author={Lane, Lee and Bickel, J},
  journal={Copenhagen Consensus on Climate: Advice for Policymakers, Copenhagen},
  pages={15--21},
  year={2009},
  publisher={JSTOR}
}

@article{goes2011economics,
  title={The economics (or lack thereof) of aerosol geoengineering},
  author={Goes, Marlos and Tuana, Nancy and Keller, Klaus},
  journal={Climatic change},
  volume={109},
  number={3},
  pages={719--744},
  year={2011},
  publisher={Springer}
}

@article{moreno2012simple,
  title={A simple model to account for regional inequalities in the effectiveness of solar radiation management},
  author={Moreno-Cruz, Juan B and Ricke, Katharine L and Keith, David W},
  journal={Climatic change},
  volume={110},
  number={3},
  pages={649--668},
  year={2012},
  publisher={Springer}
}

@article{bickel2013reexamining,
  title={Reexamining the economics of aerosol geoengineering},
  author={Bickel, J Eric and Agrawal, Shubham},
  journal={Climatic change},
  volume={119},
  number={3},
  pages={993--1006},
  year={2013},
  publisher={Springer}
}

@article{emmerling2013geoengineering,
  title={Is Geoengineering a Viable Option for Dealing with Climate Change?},
  author={Emmerling, Johannes and Tavoni, Massimo},
  journal={Review of Environment, Energy and Economics (Re3), Forthcoming},
  year={2013}
}


@article{emmerling2018exploration,
  title={Exploration of the interactions between mitigation and solar radiation management in cooperative and non-cooperative international governance settings},
  author={Emmerling, Johannes and Tavoni, Massimo},
  journal={Global Environmental Change},
  volume={53},
  pages={244--251},
  year={2018},
  publisher={Elsevier}
}

@unpublished{MorenoCruz2020,
author = {Moreno-Cruz, Juan},
title = {Optimal climate policy in three dimensions},
year = {2020},
note = {manuscript from personal communication}
}

@unpublished{Belaia2019,
author={Belaia, Mariia},
title={Optimal Climate Strategy with Mitigation, Carbon Removal, and Solar Geoengineering
},
url={{https://arxiv.org/abs/1903.02043}},
year={2019}
}

@unpublished{Drake2020,
author={Drake, Henry F. and Rivest, Ronald L. and Edelman, Alan and Deutch, John},
title={A multi-control climate policy process for a trusted decision maker},
year={2020},
notes={forthcoming},
url={{http://ceepr.mit.edu/files/papers/2020-015.pdf}}
}

@article{keen2020appallingly,
  title={The appallingly bad neoclassical economics of climate change},
  author={Keen, Steve},
  journal={Globalizations},
  pages={1--29},
  year={2020},
  publisher={Taylor \& Francis}
}

@article{roshan2019cost,
  title={Cost-risk trade-off of mitigation and solar geoengineering: considering regional disparities under probabilistic climate sensitivity},
  author={Roshan, Elnaz and Khabbazan, Mohammad M and Held, Hermann},
  journal={Environmental and Resource Economics},
  volume={72},
  number={1},
  pages={263--279},
  year={2019},
  publisher={Springer}
}

@inproceedings{roshan2016cost,
  title={Cost-risk trade-off of solar radiation management and mitigation under probabilistic information on climate sensitivity},
  author={Roshan, E and Mohammadi Khabbazan, M and Held, H},
  booktitle={European Association of Environmental and Resource Economists 22nd Annual Conference, ETH Z{\"u}rich},
  pages={22--25},
  year={2016}
}

@misc{GAMS,
author = {{GAMS Development Corporation}},
title = {Generic Algebraic Modeling System (GAMS) Release 27.1.0},
address = {Fairfax, VA, USA},
year = {2019},
url={{https://www.gams.com/}}
}

@article{emmerling2016witch,
  title={The WITCH 2016 model-documentation and implementation of the shared socioeconomic pathways},
  author={Emmerling, Johannes and Drouet, Laurent and Reis, Lara and Bevione, Michela and Berger, Loic and Bosetti, Valentina and Carrara, Samuel and De Cian, Enrica and De Maere D'Aertrycke, Gauthier and Longden, Thomas and others},
  year={2016},
  url={{https://dx.doi.org/10.2139/ssrn.2800970}},
  journal={FEEM Working Paper Series}
}

@unpublished{RICE,
author={Gazzotti, Paolo},
title={RICE50+ DICE model at (almost) country level},
note={Forthcoming},
year={2021}
}

@article{elsawah2020scenario,
  title={Scenario processes for socio-environmental systems analysis of futures: A review of recent efforts and a salient research agenda for supporting decision making},
  author={Elsawah, Sondoss and Hamilton, Serena H and Jakeman, Anthony J and Rothman, Dale and Schweizer, Vanessa and Trutnevyte, Evelina and Carlsen, Henrik and Drakes, Crystal and Frame, Bob and Fu, Baihua and others},
  journal={Science of the Total Environment},
  volume={729},
  pages={138393},
  year={2020},
  publisher={Elsevier}
}
@book{saltelli2008global,
  title={Global sensitivity analysis: the primer},
  author={Saltelli, Andrea and Ratto, Marco and Andres, Terry and Campolongo, Francesca and Cariboni, Jessica and Gatelli, Debora and Saisana, Michaela and Tarantola, Stefano},
  year={2008},
  publisher={John Wiley \& Sons}
}

@article{kwakkel2013exploratory,
  title={Exploratory Modeling and Analysis, an approach for model-based foresight under deep uncertainty},
  author={Kwakkel, Jan H and Pruyt, Erik},
  journal={Technological Forecasting and Social Change},
  volume={80},
  number={3},
  pages={419--431},
  year={2013},
  publisher={Elsevier}
}

@article{pezzey2019social,
  title={Why the social cost of carbon will always be disputed},
  author={Pezzey, John CV},
  journal={Wiley Interdisciplinary Reviews: Climate Change},
  volume={10},
  number={1},
  pages={e558},
  year={2019},
  publisher={Wiley Online Library}
}
@article{pindyck2013climate,
  title={Climate change policy: What do the models tell us?},
  author={Pindyck, Robert S},
  journal={Journal of Economic Literature},
  volume={51},
  number={3},
  pages={860--72},
  year={2013}
}

@article{carraro1993strategies,
  title={Strategies for the international protection of the environment},
  author={Carraro, Carlo and Siniscalco, Domenico},
  journal={Journal of public Economics},
  volume={52},
  number={3},
  pages={309--328},
  year={1993},
  publisher={Elsevier}
}